@article{briand1999unified,
	title={A unified framework for coupling measurement in object-oriented systems},
	author={Briand, Lionel C. and Daly, John W. and Wust, Jurgen K},
	journal={IEEE Transactions on software Engineering},
	volume={25},
	number={1},
	pages={91--121},
	year={1999},
	publisher={IEEE}
}

@inproceedings{van2006characterizing,
	title={Characterizing the relative significance of a test smell},
	author={Van Rompaey, Bart and Du Bois, Bart and Demeyer, Serge},
	booktitle={2006 22nd IEEE International Conference on Software Maintenance},
	pages={391--400},
	year={2006},
	organization={IEEE}
}

@inproceedings{heitlager2007practical,
	title={A practical model for measuring maintainability},
	author={Heitlager, Ilja and Kuipers, Tobias and Visser, Joost},
	booktitle={Quality of Information and Communications Technology, 2007. QUATIC 2007. 6th International Conference on the},
	pages={30--39},
	year={2007},
	organization={IEEE}
}

@inproceedings{zhang2014empirically,
	title={Empirically revisiting the test independence assumption},
	author={Zhang, Sai and Jalali, Darioush and Wuttke, Jochen and Mu{\c{s}}lu, K{\i}van{\c{c}} and Lam, Wing and Ernst, Michael D and Notkin, David},
	booktitle={Proceedings of the 2014 International Symposium on Software Testing and Analysis},
	pages={385--396},
	year={2014},
	organization={ACM}
}

@inproceedings{2014empirical,
	title={An empirical analysis of flaky tests},
	author={Luo, Qingzhou and Hariri, Farah and Eloussi, Lamyaa and Marinov, Darko},
	booktitle={Proceedings of the 22nd ACM SIGSOFT International Symposium on Foundations of Software Engineering},
	pages={643--653},
	year={2014},
	organization={ACM}
}

@inproceedings{zaidman2008mining,
	title={Mining software repositories to study co-evolution of production \& test code},
	author={Zaidman, Andy and Van Rompaey, Bart and Demeyer, Serge and Van Deursen, Arie},
	booktitle={Software Testing, Verification, and Validation, 2008 1st International Conference on},
	pages={220--229},
	year={2008},
	organization={IEEE}
}

@inproceedings{vahabzadeh2015empirical,
	title={An empirical study of bugs in test code},
	author= "Vahabzadeh, Arash and Fard, Amin Milani and Mesbah, Ali",
	booktitle={Software Maintenance and Evolution (ICSME), 2015 IEEE International Conference on},
	pages={101--110},
	year={2015},
	organization={IEEE}
}

@techreport{Wijngaarden65,
        author      = "Adriaan van Wijngaarden",
        title       = "{Orthogonal Design and Description of a Formal Language}",
        month       = oct,
        year        = 1965,
        institution = "SMC",
        type        = "{MR 76}",
        url         = "http://www.fh-jena.de/~kleine/history/languages/VanWijngaarden-MR76.pdf",
}



@inproceedings{podgurski2003automated,
	title={Automated support for classifying software failure reports},
	author={Podgurski, Andy and Leon, David and Francis, Patrick and Masri, Wes and Minch, Melinda and Sun, Jiayang and Wang, Bin},
	booktitle={Software Engineering, 2003. Proceedings. 25th International Conference on},
	pages={465--475},
	year={2003},
	organization={IEEE}
}

@inproceedings{digiuseppe2012concept,
	title={Concept-based failure clustering},
	author={DiGiuseppe, Nicholas and Jones, James A},
	booktitle={Proceedings of the ACM SIGSOFT 20th international symposium on the foundations of software engineering},
	pages={29},
	year={2012},
	organization={ACM}
}



@incollection{hao2013bug,
	title={Is this a bug or an obsolete test?},
	author={Hao, Dan and Lan, Tian and Zhang, Hongyu and Guo, Chao and Zhang, Lu},
	booktitle={ECOOP 2013--Object-Oriented Programming},
	pages={602--628},
	year={2013},
	publisher={Springer}
}

@inproceedings{herzig2015empirically,
	title={Empirically Detecting False Test Alarms Using Association Rules},
	author={Herzig, Kim and Nagappan, Nachiappan},
	booktitle={Companion Proceedings of the 37th International Conference on Software Engineering},
year={2015},
organization={IEEE}
}

@inproceedings{marinescu2004detection,
	title={Detection strategies: Metrics-based rules for detecting design flaws},
	author={Marinescu, Radu},
	booktitle={Software Maintenance, 2004. Proceedings. 20th IEEE International Conference on},
	pages={350--359},
	year={2004},
	organization={IEEE}
}

@inproceedings{bavota2012empirical,
	title={An empirical analysis of the distribution of unit test smells and their impact on software maintenance},
	author={Bavota, Gabriele and Qusef, Abdallah and Oliveto, Rocco and De Lucia, Andrea and Binkley, David},
	booktitle={Software Maintenance (ICSM), 2012 28th IEEE International Conference on},
	pages={56--65},
	year={2012},
	organization={IEEE}
}

@article{athanasiou2014test,
	title={Test code quality and its relation to issue handling performance},
	author={Athanasiou, Dimitrios and Nugroho, Arifin and Visser, Joost and Zaidman, Andy},
	journal={Software Engineering, IEEE Transactions on},
	volume={40},
	number={11},
	pages={1100--1125},
	year={2014},
	publisher={IEEE}
}

@article{bavota2014test,
	title={Are test smells really harmful? an empirical study},
	author={Bavota, Gabriele and Qusef, Abdallah and Oliveto, Rocco and De Lucia, Andrea and Binkley, Dave},
	journal={Empirical Software Engineering},
	pages={1--43},
	year={2014},
	publisher={Springer}
}

@inproceedings{greiler2013automated,
	title={Automated detection of test fixture strategies and smells},
	author={Greiler, Michaela and van Deursen, Arie and Storey, Margaret-Anne},
	booktitle={Software Testing, Verification and Validation (ICST), 2013 IEEE Sixth International Conference on},
	pages={322--331},
	year={2013},
	organization={IEEE}
}

@inproceedings{luo2014empirical,
	title={An empirical analysis of flaky tests},
	author={Luo, Qingzhou and Hariri, Farah and Eloussi, Lamyaa and Marinov, Darko},
	booktitle={Proceedings of the 22nd ACM SIGSOFT International Symposium on Foundations of Software Engineering},
	pages={643--653},
	year={2014},
	organization={ACM}
}

@book{van2001refactoring,
	title={Refactoring test code},
	author={van Deursen, Arie and Moonen, Leon and van den Bergh, Alex and Kok, Gerard},
	year={2001},
	publisher={CWI}
}

@article{moha2010domain,
	title={From a domain analysis to the specification and detection of code and design smells},
	author={Moha, Naouel and Gu{\'e}h{\'e}neuc, Yann-Ga{\"e}l and Le Meur, Anne-Fran{\c{c}}oise and Duchien, Laurence and Tiberghien, Alban},
	journal={Formal Aspects of Computing},
	volume={22},
	number={3-4},
	pages={345--361},
	year={2010},
	publisher={Springer}
}

@inproceedings{khomh2009bayesian,
	title={A bayesian approach for the detection of code and design smells},
	author={Khomh, Foutse and Vaucher, St{\'e}phane and Gu{\'e}h{\'e}neuc, Yann-Ga{\"e}l and Sahraoui, Houari},
	booktitle={Quality Software, 2009. QSIC'09. 9th International Conference on},
	pages={305--314},
	year={2009},
	organization={IEEE}
}

@article{hovemeyer2004finding,
	title={Finding bugs is easy},
	author={Hovemeyer, David and Pugh, William},
	journal={ACM Sigplan Notices},
	volume={39},
	number={12},
	pages={92--106},
	year={2004},
	publisher={ACM}
}

@article{ayewah2008using,
	title={Using static analysis to find bugs},
	author={Ayewah, Nathaniel and Hovemeyer, David and Morgenthaler, J David and Penix, John and Pugh, William},
	journal={Software, IEEE},
	volume={25},
	number={5},
	pages={22--29},
	year={2008},
	publisher={IEEE}
}

@inproceedings{rutar2004comparison,
	title={A comparison of bug finding tools for Java},
	author={Rutar, Nick and Almazan, Christian B and Foster, Jeffrey S},
	booktitle={Software Reliability Engineering, 2004. ISSRE 2004. 15th International Symposium on},
	pages={245--256},
	year={2004},
	organization={IEEE}
}

@book{meszaros2007xunit,
	title={xUnit test patterns: Refactoring test code},
	author={Meszaros, Gerard},
	year={2007},
	publisher={Pearson Education}
}

@misc{data,
	howpublished = "dataset: \url{http://ece.ubc.ca/~arashvhb/testbugs-study/}"
}
